%YAML 1.1
%TAG !u! tag:unity3d.com,2011:
--- !u!1 &612134620068711433
GameObject:
  m_ObjectHideFlags: 0
  m_CorrespondingSourceObject: {fileID: 0}
  m_PrefabInstance: {fileID: 0}
  m_PrefabAsset: {fileID: 0}
  serializedVersion: 6
  m_Component:
  - component: {fileID: 5897918424599339606}
  - component: {fileID: 8760346652555788706}
  - component: {fileID: 2555236521193274169}
  m_Layer: 0
  m_Name: Customer_Female01_A
  m_TagString: Untagged
  m_Icon: {fileID: 0}
  m_NavMeshLayer: 0
  m_StaticEditorFlags: 0
  m_IsActive: 1
--- !u!4 &5897918424599339606
Transform:
  m_ObjectHideFlags: 0
  m_CorrespondingSourceObject: {fileID: 0}
  m_PrefabInstance: {fileID: 0}
  m_PrefabAsset: {fileID: 0}
  m_GameObject: {fileID: 612134620068711433}
  m_LocalRotation: {x: 0, y: 0, z: 0, w: 1}
  m_LocalPosition: {x: 0, y: 0, z: 0}
  m_LocalScale: {x: 1, y: 1, z: 1}
  m_Children:
  - {fileID: 5374284843710532149}
  m_Father: {fileID: 0}
  m_RootOrder: 0
  m_LocalEulerAnglesHint: {x: 0, y: 0, z: 0}
--- !u!195 &8760346652555788706
NavMeshAgent:
  m_ObjectHideFlags: 0
  m_CorrespondingSourceObject: {fileID: 0}
  m_PrefabInstance: {fileID: 0}
  m_PrefabAsset: {fileID: 0}
  m_GameObject: {fileID: 612134620068711433}
  m_Enabled: 1
  m_AgentTypeID: 0
  m_Radius: 0.2
  m_Speed: 3.5
  m_Acceleration: 8
  avoidancePriority: 50
  m_AngularSpeed: 120
  m_StoppingDistance: 0
  m_AutoTraverseOffMeshLink: 1
  m_AutoBraking: 1
  m_AutoRepath: 1
  m_Height: 2
  m_BaseOffset: 0
  m_WalkableMask: 4294967295
  m_ObstacleAvoidanceType: 4
--- !u!114 &2555236521193274169
MonoBehaviour:
  m_ObjectHideFlags: 0
  m_CorrespondingSourceObject: {fileID: 0}
  m_PrefabInstance: {fileID: 0}
  m_PrefabAsset: {fileID: 0}
  m_GameObject: {fileID: 612134620068711433}
  m_Enabled: 1
  m_EditorHideFlags: 0
  m_Script: {fileID: 11500000, guid: bb0dee853da4a44b2b4842d59c2e7fad, type: 3}
  m_Name: 
  m_EditorClassIdentifier: 
  animator: {fileID: 2602878648028849999}
  sharedNavMeshAttribute: {fileID: 11400000, guid: 8c118cb6abab34e5e830ec30a8f54611,
    type: 2}
--- !u!114 &2500602812069429723
MonoBehaviour:
  m_ObjectHideFlags: 0
  m_CorrespondingSourceObject: {fileID: 0}
  m_PrefabInstance: {fileID: 0}
  m_PrefabAsset: {fileID: 0}
  m_GameObject: {fileID: 8993145639516190758}
  m_Enabled: 1
  m_EditorHideFlags: 0
  m_Script: {fileID: 11500000, guid: fee57df41c74940d0908c00d1faa7dc6, type: 3}
  m_Name: 
  m_EditorClassIdentifier: 
  customerControllerReference: {fileID: 2555236521193274169}
--- !u!1001 &1148417191322345775
PrefabInstance:
  m_ObjectHideFlags: 0
  serializedVersion: 2
  m_Modification:
    m_TransformParent: {fileID: 5897918424599339606}
    m_Modifications:
    - target: {fileID: -6057140222963153312, guid: be173d528194c58488451eaa3786fc82,
        type: 3}
      propertyPath: m_ApplyRootMotion
      value: 0
      objectReference: {fileID: 0}
    - target: {fileID: -6057140222963153312, guid: be173d528194c58488451eaa3786fc82,
        type: 3}
      propertyPath: m_Controller
      value: 
      objectReference: {fileID: 9100000, guid: b828641131b694d61b12a3ab62d99e3a, type: 2}
    - target: {fileID: -4216859302048453862, guid: be173d528194c58488451eaa3786fc82,
        type: 3}
      propertyPath: m_LocalPosition.x
      value: 0
      objectReference: {fileID: 0}
    - target: {fileID: -4216859302048453862, guid: be173d528194c58488451eaa3786fc82,
        type: 3}
      propertyPath: m_LocalPosition.y
      value: 0
      objectReference: {fileID: 0}
    - target: {fileID: -4216859302048453862, guid: be173d528194c58488451eaa3786fc82,
        type: 3}
      propertyPath: m_LocalPosition.z
      value: 0
      objectReference: {fileID: 0}
    - target: {fileID: -4216859302048453862, guid: be173d528194c58488451eaa3786fc82,
        type: 3}
      propertyPath: m_LocalRotation.x
      value: 0
      objectReference: {fileID: 0}
    - target: {fileID: -4216859302048453862, guid: be173d528194c58488451eaa3786fc82,
        type: 3}
      propertyPath: m_LocalRotation.y
      value: 0
      objectReference: {fileID: 0}
    - target: {fileID: -4216859302048453862, guid: be173d528194c58488451eaa3786fc82,
        type: 3}
      propertyPath: m_LocalRotation.z
      value: 0
      objectReference: {fileID: 0}
    - target: {fileID: -4216859302048453862, guid: be173d528194c58488451eaa3786fc82,
        type: 3}
      propertyPath: m_LocalRotation.w
      value: 1
      objectReference: {fileID: 0}
    - target: {fileID: -4216859302048453862, guid: be173d528194c58488451eaa3786fc82,
        type: 3}
      propertyPath: m_RootOrder
      value: 0
      objectReference: {fileID: 0}
    - target: {fileID: -4216859302048453862, guid: be173d528194c58488451eaa3786fc82,
        type: 3}
      propertyPath: m_LocalEulerAnglesHint.x
      value: 0
      objectReference: {fileID: 0}
    - target: {fileID: -4216859302048453862, guid: be173d528194c58488451eaa3786fc82,
        type: 3}
      propertyPath: m_LocalEulerAnglesHint.y
      value: 0
      objectReference: {fileID: 0}
    - target: {fileID: -4216859302048453862, guid: be173d528194c58488451eaa3786fc82,
        type: 3}
      propertyPath: m_LocalEulerAnglesHint.z
      value: 0
      objectReference: {fileID: 0}
    - target: {fileID: -4216859302048453862, guid: be173d528194c58488451eaa3786fc82,
        type: 3}
      propertyPath: m_LocalScale.x
      value: 0.75
      objectReference: {fileID: 0}
    - target: {fileID: -4216859302048453862, guid: be173d528194c58488451eaa3786fc82,
        type: 3}
      propertyPath: m_LocalScale.y
      value: 0.75
      objectReference: {fileID: 0}
    - target: {fileID: -4216859302048453862, guid: be173d528194c58488451eaa3786fc82,
        type: 3}
      propertyPath: m_LocalScale.z
      value: 0.75
      objectReference: {fileID: 0}
    - target: {fileID: -927199367670048503, guid: be173d528194c58488451eaa3786fc82,
        type: 3}
      propertyPath: m_Name
      value: FBX_Female01_A
      objectReference: {fileID: 0}
    - target: {fileID: 1257776031020364582, guid: be173d528194c58488451eaa3786fc82,
        type: 3}
      propertyPath: m_IsActive
      value: 0
      objectReference: {fileID: 0}
    - target: {fileID: 6285858283190710633, guid: be173d528194c58488451eaa3786fc82,
        type: 3}
      propertyPath: m_IsActive
      value: 0
      objectReference: {fileID: 0}
    m_RemovedComponents: []
  m_SourcePrefab: {fileID: 100100000, guid: be173d528194c58488451eaa3786fc82, type: 3}
--- !u!1 &8993145639516190758 stripped
GameObject:
  m_CorrespondingSourceObject: {fileID: -927199367670048503, guid: be173d528194c58488451eaa3786fc82,
    type: 3}
  m_PrefabInstance: {fileID: 1148417191322345775}
  m_PrefabAsset: {fileID: 0}
--- !u!4 &5374284843710532149 stripped
Transform:
  m_CorrespondingSourceObject: {fileID: -4216859302048453862, guid: be173d528194c58488451eaa3786fc82,
    type: 3}
  m_PrefabInstance: {fileID: 1148417191322345775}
  m_PrefabAsset: {fileID: 0}
--- !u!95 &2602878648028849999 stripped
Animator:
  m_CorrespondingSourceObject: {fileID: -6057140222963153312, guid: be173d528194c58488451eaa3786fc82,
    type: 3}
  m_PrefabInstance: {fileID: 1148417191322345775}
  m_PrefabAsset: {fileID: 0}
